<mx:record xmlns="http://www.w3.org/TR/xhtml1/strict" xmlns:mx="http://www.loc.gov/MARC21/slim" xmlns:xsi="http://www.w3.org/2001/XMLSchema-instance"><mx:leader>00000cz   2200000n  4500</mx:leader><mx:controlfield tag="001">oca00353280 </mx:controlfield><mx:controlfield tag="003">OCoLC</mx:controlfield><mx:controlfield tag="005">20050803033140.0</mx:controlfield><mx:controlfield tag="008">800609n| acannaabn          |a aaa      </mx:controlfield><mx:datafield ind1=" " ind2=" " tag="010"><mx:subfield code="a">n  79121664 </mx:subfield></mx:datafield><mx:datafield ind1=" " ind2=" " tag="035"><mx:subfield code="a">(OCoLC)oca00353280 </mx:subfield></mx:datafield><mx:datafield ind1=" " ind2=" " tag="040"><mx:subfield code="a">DLC</mx:subfield><mx:subfield code="b">eng</mx:subfield><mx:subfield code="c">DLC</mx:subfield><mx:subfield code="d">DLC</mx:subfield><mx:subfield code="d">NjP</mx:subfield><mx:subfield code="d">DLC</mx:subfield><mx:subfield code="d">NjP</mx:subfield><mx:subfield code="d">DLC-R</mx:subfield></mx:datafield><mx:datafield ind1="0" ind2=" " tag="100"><mx:subfield code="a">Epicurus</mx:subfield></mx:datafield><mx:datafield ind1="0" ind2=" " tag="400"><mx:subfield code="a">Epikuros</mx:subfield></mx:datafield><mx:datafield ind1="0" ind2=" " tag="400"><mx:subfield code="a">Ėpikur</mx:subfield></mx:datafield><mx:datafield ind1="0" ind2=" " tag="400"><mx:subfield code="a">Epiḳoros</mx:subfield></mx:datafield><mx:datafield ind1="0" ind2=" " tag="400"><mx:subfield code="a">Epicuro</mx:subfield></mx:datafield><mx:datafield ind1="0" ind2=" " tag="400"><mx:subfield code="a">Epikouros</mx:subfield></mx:datafield><mx:datafield ind1="0" ind2=" " tag="400"><mx:subfield code="a">Abīqūr</mx:subfield></mx:datafield><mx:datafield ind1="0" ind2=" " tag="400"><mx:subfield code="a">Yibijiulu</mx:subfield></mx:datafield><mx:datafield ind1="0" ind2=" " tag="400"><mx:subfield code="a">Epicure</mx:subfield></mx:datafield><mx:datafield ind1="0" ind2=" " tag="400"><mx:subfield code="a">Epʻikʻurosŭ</mx:subfield></mx:datafield><mx:datafield ind1=" " ind2=" " tag="670"><mx:subfield code="a">Spiegel, N. Epiḳoros, ha-ish u-mishnato, 1981:</mx:subfield><mx:subfield code="b">t.p. (Epiḳoros) added t.p. (Epicurus [in rom.])</mx:subfield></mx:datafield><mx:datafield ind1=" " ind2=" " tag="670"><mx:subfield code="a">Silvestre, M.L. Democrito e Epicuro, 1985:</mx:subfield><mx:subfield code="b">t.p. (Epicuro)</mx:subfield></mx:datafield><mx:datafield ind1=" " ind2=" " tag="670"><mx:subfield code="a">His Kyriai doxai, c1988:</mx:subfield><mx:subfield code="b">t.p. (Epikouros)</mx:subfield></mx:datafield><mx:datafield ind1=" " ind2=" " tag="670"><mx:subfield code="a">Saʻīd, J. al-D. Abīqūr, 1991:</mx:subfield><mx:subfield code="b">p. 17 (b. 341 B.C.)</mx:subfield></mx:datafield><mx:datafield ind1=" " ind2=" " tag="670"><mx:subfield code="a">Yang, S. I-pi-chiu-lu, 1996:</mx:subfield><mx:subfield code="b">t.p. (I-pi-chiu-lu) p. 235, etc. (b. 341 B.C.; d. 271 B.C.)</mx:subfield></mx:datafield><mx:datafield ind1=" " ind2=" " tag="670"><mx:subfield code="a">L'atomisme antique, c1997:</mx:subfield><mx:subfield code="b">t.p. (Epicure)</mx:subfield></mx:datafield><mx:datafield ind1=" " ind2=" " tag="670"><mx:subfield code="a">Kodae Hŭirap yumullon, 1966:</mx:subfield><mx:subfield code="b">t.p. (Epʻikʻurosŭ)</mx:subfield></mx:datafield><mx:datafield ind1=" " ind2=" " tag="999"><mx:subfield code="a">277674.8365</mx:subfield></mx:datafield></mx:record>